<?xml version="1.0" encoding="UTF-8"?><record xmlns="http://www.loc.gov/MARC21/slim" xmlns:cinclude="http://apache.org/cocoon/include/1.0" xmlns:zs="http://www.loc.gov/zing/srw/">
  <leader>00491nz  a2200145n  4500</leader>
  <controlfield tag="001">n 2011055731</controlfield>
  <controlfield tag="003">DLC</controlfield>
  <controlfield tag="005">20110817075118.0</controlfield>
  <controlfield tag="008">110816n| acannaabn          |b aaa      </controlfield>
  <datafield tag="010" ind1=" " ind2=" ">
    <subfield code="a">n 2011055731</subfield>
  </datafield>
  <datafield tag="040" ind1=" " ind2=" ">
    <subfield code="a">DLC</subfield>
    <subfield code="b">eng</subfield>
    <subfield code="c">DLC</subfield>
  </datafield>
  <datafield tag="100" ind1="1" ind2=" ">
    <subfield code="a">Luo, Jing,</subfield>
    <subfield code="d">1977-</subfield>
  </datafield>
  <datafield tag="400" ind1="1" ind2=" ">
    <subfield code="a">罗靖,</subfield>
    <subfield code="d">1977-</subfield>
  </datafield>
  <datafield tag="667" ind1=" " ind2=" ">
    <subfield code="a">Non-Latin script reference not evaluated.</subfield>
  </datafield>
  <datafield tag="670" ind1=" " ind2=" ">
    <subfield code="a">Zhongguo de shi bo hui li cheng, 2009:</subfield>
    <subfield code="b">t.p. (罗靖 = Luo Jing) front flap (female; b. Jun. 1977; with Ji nan da xue Shenzhen lu you xue yuan)</subfield>
  </datafield>
</record>